%% This BibTeX bibliography file was created using BibDesk.
%% http://bibdesk.sourceforge.net/


%% Created for Ahmad Assaf at 2015-12-01 21:40:59 +0100


%% Saved with string encoding Unicode (UTF-8)



@inproceedings{Lalithsena:WI:13,
	Author = {Sarasi Lalithsena and Prateek Hitzler and Amit Sheth and P. Jain},
	Booktitle = {IEEE/WIC/ACM International Joint Conferences on Web Intelligence (WI) and Intelligent Agent Technologies (IAT)},
	Pages = {205-212},
	Title = {{Automatic Domain Identification for Linked Open Data}},
	Year = {2013}}

@inproceedings{Li:WISM:12,
	Author = {Huiying Li},
	Booktitle = {International Conference on Web Information Systems and Mining (WISM)},
	Pages = {472-479},
	Title = {{Data Profiling for Semantic Web Data}},
	Year = {2012}}

@inproceedings{Fetahu:ESWC:14,
	Author = {Besnik Fetahu and Stefan Dietze and Bernardo {Pereira Nunes} and Marco {Antonio Casanova} and Davide Taibi and Wolfgang Nejdl},
	Booktitle = {11$^{th}$ European Semantic Web Conference (ESWC)},
	Title = {{A Scalable Approach for Efficiently Generating Structured Dataset Topic Profiles}},
	Year = {2014}}

@inproceedings{Frosterus:ESWC:11,
	Author = {Matias Frosterus and Eero Hyv\"{o}nen and Joonas Laitio},
	Booktitle = {8$^{th}$ Extended Semantic Web Conference (ESWC)},
	Pages = {243-254},
	Title = {{DataFinland - A Semantic Portal for Open and Linked Datasets}},
	Year = {2011}}

@inproceedings{Bohm:CIKM:12,
	Address = {Maui, Hawaii, USA},
	Author = {Christoph B\"{o}hm and Gjergji Kasneci and Felix Naumann},
	Booktitle = {21$^{st}$ ACM International Conference on Information and Knowledge Management (CIKM)},
	Pages = {2663-2666},
	Title = {{Latent Topics in Graph-structured Data}},
	Year = {2012}}

@inproceedings{Jentzsch:ISWC:14,
	Address = {Trentino, Italy},
	Author = {Anja Jentzsch},
	Booktitle = {13$^{th}$ International Semantic Web Conference (ISWC), Doctoral Consortium},
	Title = {{Profiling the Web of Data}},
	Year = {2014}}

@inproceedings{Cyganiak:ESWC:08,
	Address = {Tenerife, Spain},
	Author = {Richard Cyganiak and Holger Stenzhorn and Renaud Delbru and Stefan Decker and Giovanni Tummarello},
	Booktitle = {5$^{th}$ European Semantic Web Conference (ESWC)},
	Pages = {690-704},
	Title = {{Semantic Sitemaps: Efficient and Flexible Access to Datasets on the Semantic Web}},
	Year = {2008}}

@inproceedings{Lanegger:DEXA:09,
	Author = {Andreas Langegger and Wolfram Woss},
	Booktitle = {20$^{th}$ International Workshop on Database and Expert Systems Application (DEXA)},
	Pages = {79-83},
	Title = {{RDFStats - An Extensible RDF Statistics Generator and Library}},
	Year = {2009}}

@inproceedings{Khatchadourian:ESWC:10,
	Address = {Heraklion, Greece},
	Author = {Shahan Khatchadourian and Mariano P. Consens},
	Booktitle = {7$^{th}$ Extended Semantic Web Conference (ESWC)},
	Pages = {272-287},
	Title = {{ExpLOD: Summary-based Exploration of Interlinking and RDF Usage in the Linked Open Data Cloud}},
	Year = {2010}}

@inproceedings{Auer:EKAW:12,
	Address = {Galway, Ireland},
	Author = {S\"{o}ren Auer and Jan Demter and Michael Martin and Jens Lehmann},
	Booktitle = {18$^{th}$ International Conference on Knowledge Engineering and Knowledge Management (EKAW)},
	Pages = {353-362},
	Title = {{LODStats - an Extensible Framework for High-performance Dataset Analytics}},
	Year = {2012}}

@inproceedings{Makela:ESWC:14,
	Address = {Heraklion, Greece},
	Author = {Eetu M\"{a}kel\"{a}},
	Booktitle = {11$^{th}$ European Semantic Web Conference (ESWC), Demo Track},
	Title = {{Aether - Generating and Viewing Extended VoID Statistical Descriptions of RDF Datasets}},
	Year = {2014}}

@inproceedings{Forchhammer:PROFILES:14,
	Address = {Heraklion, Greece},
	Author = {Benedikt Forchhammer and Anja Jentzsch and Felix Naumann},
	Booktitle = {International Workshop on Dataset PROFIling and fEderated Search for Linked Data (PROFILES)},
	Title = {{LODOP - Multi-Query Optimization for Linked Data Profiling Queries}},
	Year = {2014}}

@inproceedings{Kaafer:ESWC:13,
	Author = {Tobias K\"{a}fer and Ahmed Abdelrahman and J\"{u}rgen Umbrich and Patrick O'Byrne and Aidan Hogan},
	Booktitle = {10$^{th}$ European Semantic Web Conference (ESWC)},
	Title = {{Observing Linked Data Dynamics}},
	Year = {2013}}

@inproceedings{Abedjan:ICDE:14,
	Author = {Ziawasch Abedjan and Tony Gr\"{u}etze and Anja Jentzsch and Felix Naumann},
	Booktitle = {30$^{th}$ IEEE International Conference on Data Engineering (ICDE)},
	Pages = {1198-1201},
	Title = {{Profiling and mining RDF data with ProLOD++}},
	Year = {2014}}

@inproceedings{Ernesto:RecSys:12,
	Author = {Diaz-Aviles Ernesto and Drumond Lucas and Schmidt-Thieme Lars and Nejdl Wolfgang},
	Booktitle = {6$^{th}$ ACM conference on Recommender systems - RecSys},
	Title = {{Real-time top-n recommendation in social streams}},
	Year = {2012}}

@inproceedings{Zanardi:RecSys:08,
	Author = {Zanardi Valentina and Capra L},
	Booktitle = {2$^{nd}$ ACM conference on Recommender systems - RecSys},
	Title = {{Social ranking: uncovering relevant content using tag-based recommender systems}},
	Year = {2008}}

@inproceedings{Preotiuc-Pietro:ICWSM:12,
	Author = {Daniel Preotiuc-Pietro and Sina Samangooei and Trevor Cohn and Nicholas Gibbins and Mahesan Niranjan},
	Booktitle = {6$^{th}$ International AAAI Conference on Weblogs and Social Media (ICWSM)},
	Title = {{Trendminer: An architecture for real time analysis of social media text}},
	Year = {2012}}

@inproceedings{Cantador:EC-WEB:11,
	Author = {Cantador Iv\'{a}n and Bellog\'{\i}n Alejandro},
	Booktitle = {12$^{th}$ Internationl Conference on E-Commerce and Web Technolgoies},
	Title = {{Semantic contextualisation of social tag-based profiles and item recommendations}},
	Year = {2011}}

@inproceedings{Bakshy:WWW:12,
	Author = {Bakshy Eytan and Rosenn Itamar and Marlow Cameron and Adamic Lada},
	Booktitle = {21$^{th}$ International Conference on World Wide Web (WWW'12)},
	Title = {{The role of social networks in information diffusion}},
	Year = {2012}}

@inproceedings{Pennacchiotti:WWW:11,
	Author = {Marco Pennacchiotti and Siva Gurumurthy},
	Booktitle = {20$^{th}$ International Conference on World Wide Web (WWW'11)},
	Title = {{Investigating topic models for social media user recommendation}},
	Year = {2011}}

@inproceedings{Khrouf:AAAI:12,
	Author = {Houda Khrouf and Ghislain Atemezing and Giuseppe Rizzo and Rapha\"{e}l Troncy},
	Booktitle = {1$^{st}$ Internationl Workshop on Real-Time Analysis and Mining of Social Streams},
	Title = {{Aggregating Social Media for Enhancing Conference Experiences}},
	Year = {2012}}

@inproceedings{Bizer:DB:11,
	Author = {Christian Bizer},
	Booktitle = {28$^{th}$ British National Conference on Advances in Databases},
	Title = {{Evolving the Web into a Global Data Space}},
	Year = {2011}}

@inproceedings{Brummer::ICSS:14,
	Author = {Martin Br\"{u}mmer and Ciro Baron and Ivan Ermilov and Markus Freudenberg and Dimitris Kontokostas and Sebastian Hellmann},
	Booktitle = {10$^{th}$ International Conference on Semantic Systems},
	Title = {{DataID: Towards Semantically Rich Metadata for Complex Datasets}},
	Year = {2014}}

@inproceedings{Hausenblas:ESWC:09,
	Author = {Michael Hausenblas and Wolfgang Halb and Yves Raimond and Lee Feigenbaum and Danny Ayer},
	Booktitle = {6$^{th}$ European Semantic Web Conference on The Semantic Web (ESWC)},
	Title = {{SCOVO: Using Statistics on the Web of Data}},
	Year = {2009}}

@inproceedings{Debattista:WWW:14,
	Author = {Jeremy Debattista and Christoph Lange and S{\"{o}}ren Auer},
	Booktitle = {7$^{th}$ International Workshop on Linked Data on the Web (LDOW)},
	Title = {{daQ, an Ontology for Dataset Quality Information}},
	Year = {2014}}

@misc{Erickson:DCV:14,
	Author = {Fadi Maali and John Erickson},
	Howpublished = {W3C Recommendation},
	Note = {\url{http://www.w3.org/TR/vocab-dcat/}},
	Title = {{Data Catalog Vocabulary (DCAT)}},
	Year = {2014}}

@misc{Loscio:DUV:15,
	Author = {Bernadette Farias L\'{o}scio and Eric G. Stephan and Sumit Purohit},
	Howpublished = {W3C First Public Working Draft},
	Note = {\url{http://www.w3.org/TR/vocab-duv/}},
	Title = {{Dataset Usage Vocabulary (DUV)}},
	Year = {2015}}

@misc{Debattista:DQV:15,
	Author = {Jeremy Debattista and Makx Dekkers and Deirdre Lee},
	Howpublished = {W3C First Public Working Draft},
	Note = {\url{http://www.w3.org/TR/vocab-dqv/}},
	Title = {{Data Quality Vocabulary (DQV)}},
	Year = {2015}}

@misc{Prateek:Misc:13,
	Author = {Prateek Jain and Pascal Hitzler and Krzysztof Janowicz and Chitra Venkatramani},
	Note = {\url{http://knoesis.wright.edu/faculty/pascal/pub/nomoneylod.pdf}},
	Title = {{There's No Money in Linked Data}},
	Year = {2013}}

@article{Bizer:WebSemJorunal:09,
	Author = {Christian Bizer and Jens Lehmann and Georgi Kobilarov and S\"{o}ren Auer and Christian Becker and Richard Cyganiak and Sebastian Hellmann},
	Journal = {Journal of Web Semantics},
	Number = {3},
	Title = {{DBpedia - A Crystallization Point for the Web of Data}},
	Volume = {7},
	Year = {2009}}

@techreport{Graham:techReport:11,
	Author = {Graham Vickery},
	Institution = {EC DG Information Society},
	Title = {{Review of Recent Studies on PSI-use and Related Market Developments}},
	Year = {2011}}

@techreport{NISO:techReport:04,
	Author = {NISO Press},
	Institution = {National Information Standards Organization},
	Title = {{Understanding Metadata}},
	Year = {2004}}

@article{Bohm:WebSemJournal:11,
	Author = {Christoph B\"{o}hm and Johannes Lorey and Felix Naumann},
	Journal = {Journal of Web Semantics},
	Number = {3},
	Pages = {339-345},
	Title = {{Creating voiD Descriptions for Web-scale Data}},
	Volume = {9},
	Year = {2011}}

@misc{Archer:W3C:13,
	Author = {Archer Phil and Shukair Gofran},
	Howpublished = {W3C Working Group Note},
	Note = {\url{http://www.w3.org/TR/vocab-adms}},
	Title = {{Asset Description Metadata Schema (ADMS)}},
	Year = {2013}}

@misc{Berners-Lee:W3C:06,
	Author = {Tim Berners-Lee},
	Howpublished = {W3C Personal Notes},
	Note = {\url{http://www.w3.org/DesignIssues/LinkedData}},
	Title = {{Linked Data - Design Issues}},
	Year = {2006}}

@misc{Iannella:W3C:14,
	Author = {Renato Iannella and James McKinney},
	Howpublished = {W3C Interest Group Note},
	Note = {\url{http://www.w3.org/TR/vcard-rdf}},
	Title = {{vCard Ontology - for describing People and Organizations}},
	Year = {2014}}

@misc{Lebo:W3C:13,
	Author = {Timothy Lebo and Satya Sahoo and Deborah McGuinness},
	Howpublished = {W3C Recommendation},
	Note = {\url{http://www.w3.org/TR/prov-o}},
	Title = {{PROV-O: The PROV Ontology}},
	Year = {2013}}

@misc{Reynolds:W3C:14,
	Author = {Dave Reynolds},
	Howpublished = {W3C Recommendation},
	Note = {\url{http://www.w3.org/TR/vocab-org}},
	Title = {{The Organization Ontology}},
	Year = {2014}}

@inproceedings{Assaf:WWW:15,
	Address = {Florence, Italy},
	Author = {Ahmad Assaf and Aline Senart and Rapha{\"e}l Troncy},
	Booktitle = {24$^{th}$ World Wide Web Conference (WWW'14), Demos Track},
	Title = {{Roomba: Automatic Validation, Correction and Generation of Dataset Metadata}},
	Year = {2015}}

@inproceedings{Assaf:ESWC:PROFILES:15,
	Address = {Portoroz, Slovenia},
	Author = {Ahmad Assaf and Rapha{\"e}l Troncy and Aline Senart},
	Booktitle = {12$^{th}$ European Semantic Web Conference (ESWC)},
	Title = {{Roomba: An Extensible Framework to Validate and Build Dataset Profiles}},
	Year = {2015}}

@inproceedings{Assaf:PROFILES:15,
	Address = {Portoroz, Slovenia},
	Author = {Ahmad Assaf and Rapha{\"e}l Troncy and Aline Senart},
	Booktitle = {2$^{nd}$ International Workshop on Dataset PROFIling \& fEderated Search for Linked Data},
	Title = {{HDL-Towards a Harmonized Dataset Model for Open Data Portals}},
	Year = {2015}}

@inproceedings{Assaf:ESWC:LDQ:15,
	Address = {Portoroz, Slovenia},
	Author = {Ahmad Assaf and Rapha{\"e}l Troncy and Aline Senart},
	Booktitle = {12$^{th}$ European Semantic Web Conference (ESWC)},
	Title = {{What's up LOD Cloud? Observing The State of Linked Open Data Cloud Metadata}},
	Year = {2015}}

@article{Assaf:IJSWIS:15,
	Author = {Ahmad Assaf and Rapha{\"e}l Troncy and Aline Senart},
	Journal = {International Journal on Semantic Web and Information Systems (IJSWIS)},
	Title = {{An Objective Assessment Framework \& Tool for Linked Data Quality - Enriching Dataset Profiles with Quality Indicators (Major Revision)}},
	Year = {2015}}

@article{Bizer:IJSWIS:09,
	Author = {Christian Bizer and Tom Heathand Tim Berners-Lee},
	Journal = {International Journal on Semantic Web and Information Systems (IJSWIS)},
	Title = {{Linked Data - The Story So Far}},
	Year = {2009}}

@inproceedings{Bollacker:SIGMOD:08,
	Author = {Kurt Bollacker and Colin Evans and Praveen Paritosh and Tim Sturge and Jamie Taylor},
	Booktitle = {ACM International Conference on Management of Data (SIGMOD)},
	Title = {{Freebase: A Collaboratively Created Graph Database for Structuring Human Knowledge}},
	Year = {2008}}

@inproceedings{Suchanek::WWW:07,
	Author = {Fabian Suchanek and Gjergji Kasneci and Gerhard Weikum},
	Booktitle = {16$^{th}$ International World Wide Web Conference (WWW'07)},
	Title = {{Yago: A Core of Semantic Knowledge}},
	Year = {2007}}

@article{Konrath:WebSemJorunal:12,
	Author = {Mathias Konrath and Thomas Gottron and Steffen Staab and Ansgar Scherp},
	Journal = {Journal of Web Semantics},
	Title = {{SchemEX - Efficient Construction of a Data Catalogue by Stream-based Indexing of Linked Data}},
	Volume = {16},
	Year = {2012}}

@inproceedings{Harth:WWW:10,
	Author = {Andreas Harth and Katja Hose and Marcel Karnstedt and Axel Polleres and Kai-Uwe Sattler and J\"{u}rgen Umbrich},
	Booktitle = {19$^{th}$ World Wide Web Conference (WWW'10)},
	Location = {Raleigh, North Carolina, USA},
	Title = {{Data Summaries for On-demand Queries over Linked Data}},
	Year = {2010}}

@misc{Cyganiak:W3C:11,
	Author = {Richard Cyganiak and Jun Zhao and Michael Hausenblas and Keith Alexander},
	Howpublished = {W3C Note},
	Note = {\url{http://www.w3.org/TR/void/}},
	Title = {{Describing Linked Datasets with the {VoID} Vocabulary}},
	Year = {2011}}

@inproceedings{Alexander:LDOW:09,
	Author = {Keith Alexander and Richard Cyganiak and Michael Hausenblas and Jun Zhao},
	Booktitle = {2$^{nd}$ International Workshop on Linked Data on the Web (LDOW)},
	Title = {{Describing Linked Datasets}},
	Year = {2009}}

@inproceedings{Delbru:ESWC:10,
	Author = {Renaud Delbru and Nickolai Toupikov and Michele Catasta},
	Booktitle = {7$^{th}$ European Semantic Web Conference (ESWC)},
	Title = {{Hierarchical link analysis for ranking web data}},
	Year = {2010}}

@inproceedings{Ding:CIKM:04,
	Author = {Li Ding and Tim Finin and Anupam Joshi and Rong Pan and R.Scott Cost},
	Booktitle = {13$^{st}$ ACM International Conference on Information and Knowledge Management (CIKM)},
	Title = {{Swoogle: A semantic web search and metadata engine}},
	Year = {2004}}

@article{daquin:SemWebJorunal:11,
	Author = {Mathieu d'Aquin and Enrico Motta},
	Journal = {Semantic Web Journal},
	Title = {{Watson, More Than a Semantic Web Search Engine}},
	Year = {2011}}

@article{Tummarello:WebSemJorunal:10,
	Author = {Giovanni Tummarello and Richard Cyganiak and Michele Catasta and Szymon Danielczyk and Renaud Delbru and Stefan Decker},
	Journal = {Journal of Web Semantics},
	Number = {4},
	Title = {{Sig.ma: Live views on the Web of data}},
	Volume = {8},
	Year = {2010}}

@inproceedings{Nikolov:JIST:11,
	Author = {Andriy Nikolov and Mathieu d'Aquin and Enrico Motta},
	Booktitle = {Joint International Semantic Technology Conference (JIST)},
	Title = {{What Should I Link to? Identifying Relevant Sources and Classes for Data Linking}},
	Year = {2011}}

@inproceedings{Mendes:ICS:11,
	Author = {Pablo N. Mendes and Max Jakob and Andr{\'e}s Garc\'{\i}a-Silva and Christian Bizer},
	Booktitle = {7$^{th}$ International Conference on Semantic Systems},
	Title = {{DBpedia Spotlight: Shedding Light on the Web of Documents}},
	Year = {2011}}

@techreport{Manyika:Report:13,
	Author = {James Manyika and Almasi Doshi Elizabeth},
	Institution = {McKinsey Business Technology Office},
	Title = {{Open data: Unlocking innovation and performance with liquid information}},
	Year = {2013}}

@techreport{Deloitte:Report:12,
	Author = {Richard Hammell and Carl Bates and Harvey Lewis and Costi Perricos and Louise Brett and David Branch},
	Institution = {Deloitte LLP},
	Note = {\url{http://www2.deloitte.com/content/dam/Deloitte/uk/Documents/deloitte-analytics/open-data-driving-growth-ingenuity-and-innovation.pdf}},
	Title = {{Open Data: Driving growth, ingenuity and innovation}},
	Year = {2012}}

@techreport{Davies:Report:15,
	Author = {Tim Davies and Raed Sharif and Jose Alonso},
	Institution = {World Wide Web Foundation},
	Note = {\url{http://barometer.opendataresearch.org/}},
	Title = {{Open Data Barometer - Global Report}},
	Year = {2015}}

@incollection{Frosterus:Springer:11,
	Author = {Matias Frosterus and Eero Hyv\"{o}nen and Joonas Laitio},
	Booktitle = {Linking Government Data},
	Publisher = {Springer},
	Title = {{Creating and Publishing Semantic Metadata about Linked and Open Datasets}},
	Year = {2011}}

@inproceedings{Bohm:ICDEW:10,
	Author = {Christoph B\"{o}hm and Felix Naumann and Ziawasch Abedjan and Dandy Fenz and Toni Gr\"{u}tze and Daniel Hefenbrock and Matthias Pohl and David Sonnabend},
	Booktitle = {26th International Conference on Data Engineering Workshops (ICDEW)},
	Title = {{Profiling linked open data with ProLOD}},
	Year = {2010}}

@inproceedings{Usbeck:WWW:15,
	Author = {Ricardo Usbeck and Michael R{\"o}der and Axel-Cyrille Ngonga-Ngomo and Ciro Baron and Andreas Both and Martin Br{\"u}mmer and Diego Ceccarelli and Marco Cornolti and Didier Cherix and Bernd Eickmann and Paolo Ferragina and Christiane Lemke and Andrea Moro and Roberto Navigli and Francesco Piccinno and Giuseppe Rizzo and Harald Sack and Ren{\'e} Speck and Rapha{\"e}l Troncy and J{\"o}rg Waitelonis and Lars Wesemann},
	Booktitle = {24$^{th}$ International World Wide Web Conference (WWW'15)},
	Title = {{GERBIL - General Entity Annotation Benchmark Framework}},
	Year = {2015}}

@inproceedings{Cornolti:WWW:13,
	Author = {Marco Cornolti and Paolo Ferragina and Massimiliano Ciaramita},
	Booktitle = {22$^{nd}$ International World Wide Web Conference (WWW'13)},
	Title = {{A Framework for Benchmarking Entity-annotation Systems}},
	Year = {2013}}

@techreport{Kovacs:GTOS:00,
	Author = {Kov\'{a}cs-L\'{a}ng},
	Institution = {GTOS Central and Eastern European Terrestrial Data Management and Accessibility Workshop},
	Title = {{Global Terrestrial Observing System}},
	Year = {2000}}

@inproceedings{Schmachtenberg:ISWC:14,
	Author = {Massimiliano Schmachtenberg and Christian Bizer and Heiko Paulheim},
	Booktitle = {13$^{th}$ International Semantic Web Conference (ISWC)},
	Title = {{Adoption of the Linked Data Best Practices in Different Topical Domains}},
	Year = {2014}}

@inproceedings{Isele:ISWC:10,
	Author = {Robert Isele and J\"urgen Umbrich and Christian Bizer and Andreas Harth},
	Booktitle = {9$^{th}$ International Semantic Web Conference (ISWC), Posters \& Demos Track},
	Title = {{LDspider: An Open-source Crawling Framework for the Web of Linked Data}},
	Year = {2010}}

@inproceedings{Leskovec:KDD:06,
	Author = {Jure Leskovec and Christos Faloutsos},
	Booktitle = {12$^{th}$th ACM International Conference on Knowledge Discovery and Data Mining (KDD'12)},
	Title = {{Sampling from Large Graphs}},
	Year = {2006}}

@misc{Jentzsch:SOLOD:11,
	Author = {Anja Jentzsch and Richard Cygania and Chrstian Bizer},
	Note = {\url{http://lod-cloud.net/state/}},
	Title = {{State of the lod cloud}}}

@misc{Nebert:GSDI:04,
	Author = {Douglas Nebert},
	Note = {\url{http://www.gsdi.org/docs2004/Cookbook/cookbookV2.0.pdf}},
	Title = {{Developing Spatial Data Infrastructures: The SDI Cookbook}},
	Year = {2004}}

@article{Zaveri:SemWebJorunal:12,
	Author = {Amrapali Zaveri and Anisa Rula and Andrea Maurino and Ricardo Pietrobon and Jens Lehmann and S\"oren Auer},
	Journal = {Semantic Web Journal},
	Title = {{Quality Assessment Methodologies for Linked Open Data}},
	Year = {2012}}

@inproceedings{Steiner:IKEC:12,
	Address = {Boston, USA},
	Author = {Thomas Steiner and Stefan Mirea},
	Booktitle = {1$^{st}$ International Workshop on Knowledge Extraction \& Consolidation from Social Media (KECSM'12)},
	Title = {{SEKI@home or Crowdsourcing an Open Knowledge Graph}},
	Year = {2012}}

@inproceedings{Shneiderman:SVL:96,
	Author = {Ben Shneiderman},
	Booktitle = {IEEE Symposium on Visual Languages},
	Pages = {336-343},
	Title = {{The Eyes Have It: A Task by Data Type Taxonomy for Information Visualizations}},
	Year = {1996}}

@misc{Bergman:GKG:12,
	Author = {Mike Bergman},
	Howpublished = {\\\url{http://www.mkbergman.com/1009/deconstructing-the-google-knowledge-graph}},
	Title = {{Deconstructing the Google Knowledge Graph}}}

@inproceedings{Pietriga:ISWC:06,
	Author = {Emmanuel Pietriga and Christian Bizer and David Karger and Ryan Lee},
	Booktitle = {5$^{th}$ International Semantic Web Conference (ISWC'06)},
	Pages = {158-171},
	Title = {{Fresnel: A Browser-Independent Presentation Vocabulary for RDF}},
	Year = {2006}}

@inproceedings{Marie:ICS:13,
	Author = {Nicolas Marie and Fabien Gandon and Myriam Ribi\`{e}re and Florentin Rodio},
	Booktitle = {The 9$^{th}$ International Conference on Semantic Systems},
	Title = {{Discovery Hub: On-the-fly Linked Data Exploratory Search}},
	Year = {2013}}

@inproceedings{Mendes:EDBT:12,
	Author = {Pablo Mendes and Hannes M\"{u}hleisen and Christian Bizer},
	Booktitle = {2012 Joint EDBT/ICDT Workshops},
	Title = {{Sieve: linked data quality assessment and fusion}},
	Year = {2012}}

@misc{Miles:W3C:09,
	Author = {Alistair Miles and Sean Bechhofer},
	Howpublished = {W3C Recommendation},
	Note = {\url{http://www.w3.org/TR/skos-reference/}},
	Title = {{SKOS Simple Knowledge Organization System Reference}},
	Year = {2009}}

@inproceedings{PovedaVillalon:EKAW:12,
	Author = {Mar\'{i}a Poveda-Villal\'{o}n and Mari Carmen Su\'{a}rez-Figueroa and Asunci\'{o}n G\'{o}mez-P\'{e}rez},
	Booktitle = {18$^{th}$ International Conference on Knowledge Engineering and Knowledge Management (EKAW)},
	Title = {{Validating Ontologies with OOPS!}},
	Year = {2012}}

@article{Stvilia:ASIST:07,
	Author = {Gasser Les Stvilia Besiki and and Michael B. Twidale and Linda C. Smith},
	Journal = {Journal of the American Society for Information Science and Technology},
	Title = {{A framework for information quality assessment}},
	Year = {2007}}

@inproceedings{Cherix:WASABI:14,
	Author = {Didier Cherix and Ricardo Usbeck and Andreas Both and Jens Lehmann},
	Booktitle = {2$^{nd}$ International Workshop on Semantic Web Enterprise Adoption and Best Practice},
	Title = {{CROCUS: Cluster-based ontology data cleansing}},
	Year = {2014}}

@article{Lehmann:MLResearch:09,
	Author = {Jens Lehmann and Soeren Sonnenburg},
	Journal = {Journal of Machine Learning Research},
	Title = {{DL-Learner: Learning Concepts in Description Logics}},
	Year = {2009}}

@inproceedings{Maria:KEOD:13,
	Author = {C. Maria Keet and Mar{\'{\i}}a del Carmen Su{\'{a}}rez{-}Figueroa and Mar{\'{\i}}a Poveda{-}Villal{\'{o}}n},
	Booktitle = {International Conference on Knowledge Engineering and Ontology Development (KEOD)},
	Title = {{The Current Landscape of Pitfalls in Ontologies}},
	Year = {2013}}

@inproceedings{Suominen:IKEM:12,
	Author = {Osma Suominen and Eero Hyv\"{o}nen},
	Booktitle = {The 18$^{th}$ International Conference on Knowledge Engineering and Knowledge Management},
	Title = {{Improving the quality of SKOS vocabularies with skosify}},
	Year = {2012}}

@article{Suominen:DataSemantics:13,
	Author = {Osma Suominen and Christian Mader},
	Journal = {Journal on Data Semantics},
	Title = {{Assessing and Improving the Quality of SKOS Vocabularies}},
	Year = {2013}}

@inproceedings{Toupikov:LDOW:09,
	Author = {Nickolai Toupikov and J\"{u}rgen Umbrich and Renaud Delbru},
	Booktitle = {2$^{nd}$ International Workshop on Linked Data on the Web (LDOW)},
	Title = {{DING! Dataset ranking using formal descriptions}},
	Year = {2009}}

@article{Wang:MIS:96,
	Author = {Richard Y. Wang and Diane M. Strong},
	Journal = {Journal of Management Information Systems},
	Title = {{Beyond Accuracy: What data quality means to data consumers}},
	Year = {1996}}

@inproceedings{DiNoia:iSemantics:12,
	Author = {Tommaso Di Noia and Roberto Mirizzi and Vito Ostuni Claudio and Davide Romito and Markus Zanker},
	Booktitle = {8$^{th}$International Conference on Semantic Systems - I-SEMANTICS '12},
	Title = {{Linked Open Data to Support Content-based Recommender Systems}},
	Year = {2012}}

@inproceedings{Anisa:LDQ:14,
	Author = {Rula Anisa and Amrapali Zaveri},
	Booktitle = {1$^{st}$ Workshop on Linked Data Quality (LDQ)},
	Title = {{Methodology for Assessment of Linked Data Quality}},
	Year = {2014}}

@inproceedings{Sirin:OWLED:08,
	Author = {Evren Sirin and Michael Smith and Evan Wallace},
	Booktitle = {5$^{th}$ {OWLED} Workshop on {OWL:} Experiences and Directions},
	Title = {{Opening, Closing Worlds - On Integrity Constraints}},
	Year = {2008}}

@book{Juran:McGraw:99,
	Author = {Joseph Juran. M. and A. Blanton Godfrey},
	Publisher = {McGraw Hill},
	Title = {Juran's quality handbook},
	Year = {1999}}

@book{Rud:Wiley:09,
	Author = {Olivia Parr Rud},
	Publisher = {John Wiley \& Sons},
	Title = {{Business Intelligence Success Factors: Tools for Aligning Your Business in the Global Economy}},
	Year = {2009}}

@article{Kahn:ACM:02,
	Author = {Beverly K. Kahn and Diane M. Strong and Richard Y. Wang},
	Journal = {Communications of the ACM},
	Title = {{Information quality benchmarks: product and service performance}},
	Year = {2002}}

@article{Kleinberg:ACM:99,
	Author = {Jon M. Kleinberg},
	Journal = {ACM Journal},
	Title = {{Authoritative sources in a hyperlinked environment}},
	Year = {1999}}

@article{Kontokostas:KESW:13,
	Author = {Dimitris Kontokostas and Amrapali Zaveri and S\"{o}ren Auer and Jens Lehmann},
	Journal = {4$^{th}$ Conference on Knowledge Engineering and Semantic Web},
	Title = {{TripleCheckMate: A Tool for Crowdsourcing the Quality Assessment of Linked Data}},
	Year = {2013}}

@misc{Page:TechReport:98,
	Author = {Lawrence Page and Sergey Brin and Motwani Rajeev and Winograd Terry},
	Title = {{The PageRank Citation Ranking: Bringing Order to the Web}},
	Year = {1998}}

@techreport{Halo:TechReport:13,
	Author = {Halo Business Inteligence},
	Institution = {Halo},
	Title = {{Data Quality - Why you should care about the cleanliness of your data}},
	Year = {2013}}

@article{Mader:TBDL:12,
	Author = {Christian Mader and Bernhard Haslhofer and Antoine Isaac},
	Journal = {Theory and Practice of Digital Libraries},
	Title = {{Finding quality issues in SKOS vocabularies}},
	Year = {2012}}

@inproceedings{Hogan:LDOW:10,
	Author = {Aidan Hogan and Andreas Harth and Alexandre Passant and Stefan Decker and Axel Polleres},
	Booktitle = {3$^{rd}$ International Workshop on Linked Data on the Web (LDOW)},
	Title = {{Weaving the pedantic web}},
	Year = {2010}}

@article{Hogan:WebSemJorunal:12,
	Author = {Aidan Hogan and J\"{u}Rgen Umbrich and Andreas Harth and Richard Cyganiak and Axel Polleres and Stefan Decker},
	Journal = {Journal of Web Semantics},
	Title = {{An empirical survey of Linked Data conformance}},
	Year = {2012}}

@misc{Isaac:W3C:09,
	Author = {Antoine Isaac and Ed Summers},
	Howpublished = {W3C Working Group Note},
	Title = {{SKOS Simple Knowledge Organization System Primer}},
	Year = {2009}}

@inproceedings{Berrueta:SFSW:08,
	Author = {Dimitris Berrueta and Sergio Fern{\'{a}}ndez and Iv{\'{a}}n Frade},
	Booktitle = {4$^{th}$ Workshop on Scripting for the Semantic Web (SFSW'08)},
	Date-Modified = {2015-12-01 20:40:59 +0000},
	Title = {{Cooking HTTP content negotiation with Vapour}},
	Year = {2008}}

@inproceedings{Acosta:ISWC:13,
	Author = {Maribel Acosta and Amrapali Zaveri and Elena Simperl and Dimitris Kontokostas},
	Booktitle = {12$^{th}$ International Semantic Web Conference (ISWC)},
	Title = {{Crowdsourcing Linked Data quality assessment}},
	Year = {2013}}

@inproceedings{Verlic:iSemantics:12,
	Author = {Mateja Verlic},
	Booktitle = {8$^{th}$International Conference on Semantic Systems - I-SEMANTICS '12},
	Title = {{LODGrefine - LOD-enabled Google Refine in Action}},
	Year = {2012}}

@inproceedings{Brin:WWW:98,
	Author = {Sergey Brin and Lawrence Page},
	Booktitle = {7$^{th}$ International Conference on World Wide Web (WWW'98)},
	Title = {{The anatomy of a large-scale hypertextual Web search engine}},
	Year = {1998}}

@inproceedings{Hartig:ISWC:09,
	Author = {Olaf Hartig and Jun Zhao},
	Booktitle = {8$^{th}$ International Semantic Web Conference (ISWC)},
	Title = {{Using web data provenance for quality assessment}},
	Year = {2009}}

@inproceedings{Harth:ISWC:09,
	Author = {Andreas Harth and Sheila Kinsella and Stefan Decker},
	Booktitle = {8$^{th}$ International Semantic Web Conference (ISWC)},
	Title = {{Using naming authority to rank data and ontologies for web search}},
	Year = {2009}}

@inproceedings{Kontokostas:WWW:14,
	Author = {Dimitris Kontokostas and Patrick Westphal and S\"{o}ren Auer and Sebastian Hellmann and Jens Lehmann and Roland Cornelissen and Amrapali Zaveri},
	Booktitle = {23$^{rd}$International Conference on World Wide Web (WWW'14)},
	Title = {{Test-driven Evaluation of Linked Data Quality}},
	Year = {2014}}

@inproceedings{Haslhofer:IWS:09,
	Author = {Bernhard Haslhofer and Niko Popitsch},
	Booktitle = {8$^{th}$ International Workshop on Web Semantics},
	Title = {{DSNotify: Detecting and Fixing Broken Links in Linked Data Sets}},
	Year = {2009}}

@inproceedings{Hogan:SSKB:06,
	Author = {Aidan Hogan and Andreas Harth and Stefan Decker},
	Booktitle = {2$^{nd}$ Workshop on Scalable Semantic Web Knowledge Base Systems},
	Title = {{ReConRank: A Scalable Ranking Method for Semantic Web Data with Context}},
	Year = {2006}}

@inproceedings{Gueret:ESWC:12,
	Author = {Christophe Gu{\'e}ret and Paul Groth and Claus Stadler and Jens Lehmann},
	Booktitle = {9$^{th}$ European Semantic Web Conference (ESWC)},
	Title = {{Assessing Linked Data Mappings Using Network Measures}},
	Year = {2012}}

@book{Harpring:Getty:10,
	Author = {Patricia Harpring},
	Publisher = {Getty Research Institute},
	Title = {{Introduction to Controlled Vocabularies: Terminology for Art, Architecture, and Other Cultural Works}},
	Year = {2010}}

@book{Porter:NewRiders:08,
	Author = {Joshua Porter},
	Publisher = {New Riders},
	Title = {{Designing for the Social Web}},
	Year = {2008}}

@inproceedings{Ruckhaus:ESWC:14,
	Author = {Edna Ruckhaus and Oriana Baldizan and Maria-Esther Vidal},
	Booktitle = {11$^{th}$ European Semantic Web Conference (ESWC)},
	Title = {{Analyzing Linked Data Quality with LiQuate}},
	Year = {2014}}

@inproceedings{Dagobert:DL:02,
	Author = {Dagobert Soergel},
	Booktitle = {2$^{nd}$ ACM/IEEE-CS Joint Conference on Digital Libraries},
	Title = {{Thesauri and ontologies in digital libraries}},
	Year = {2002}}

@inproceedings{Tao:HICSS:09,
	Author = {Jiao Tao and Li Ding and Deborah McGuinness},
	Booktitle = {42$^{nd}$ Hawaii International Conference on System Sciences, HICSS'09},
	Pages = {1-10},
	Title = {{Instance Data Evaluation for Semantic Web-Based Knowledge Management Systems}},
	Year = {2009}}

@inproceedings{Assaf:DQMST:12,
	Author = {Ahmad Assaf and Aline Senart},
	Booktitle = {6$^{th}$ International Conference on Semantic Computing ICSC '12},
	Title = {{Data Quality Principles in the Semantic Web}},
	Year = {2012}}

@article{Bizer:WebSemantics:09,
	Author = {Christian Bizer and Richard Cyganiak},
	Journal = {Jorunal of Web Semantics},
	Number = {1},
	Publisher = {Elsevier Science Publishers B. V.},
	Title = {Quality-driven Information Filtering Using the WIQA Policy Framework},
	Volume = {7},
	Year = {2009}}

@article{Debattista:CoRR:14,
	Author = {Jeremy Debattista and Santiago Londo{\~{n}}o and Christoph Lange and S{\"{o}}ren Auer},
	Journal = {CoRR},
	Title = {{LUZZU} - {A} Framework for Linked Data Quality Assessment},
	Volume = {abs/1412.3750},
	Year = {2014}}

@inproceedings{BuilAranda:ISWC:13,
	Author = {Carlos Buil-Aranda and Aidan Hogan},
	Booktitle = {12$^{th}$ International Semantic Web Conference (ISWC)},
	Title = {{SPARQL Web-Querying Infrastructure: Ready for Action?}},
	Year = {2013}}

@article{Chakrabarti:IEEE:99,
	Author = {Soumen Chakrabarti and Byron E. Dom and Ravi Kumar and Prabhakar Raghavan and Sridhar Rajagopalan and Andrew Tomkins and David Gibson and Jon Kleinberg},
	Journal = {Computer},
	Publisher = {IEEE Computer Society Press},
	Title = {Mining the Web's Link Structure},
	Year = {1999}}

@inproceedings{Tummarello:ISWC:07,
	Author = {Giovanni Tummarello and Renaud Delbru and Eyal Oren},
	Booktitle = {6$^{th}$ International Semantic Web Conference (ISWC)},
	Title = {{Sindice.com: Weaving the open linked data}},
	Year = {2007}}

@inproceedings{Furber:ECIS:11,
	Author = {Christian F\"{u}rber and Martin Hepp},
	Booktitle = {19$^{th}$ European Conference on Information Systems (ECIS'11)},
	Title = {{SWIQA - A Semantic Web information quality assessment framework}},
	Year = {2011}}

@mastersthesis{Flemming:Thesis:10,
	Author = {Annika Flemming},
	School = {Humboldt-Universit{\"a}t zu Berlin},
	Title = {{Quality Characteristics of Linked Data Publishing Datasources}},
	Year = {2010}}

@inproceedings{Flouris:EvoDyn:12,
	Author = {Giorgos Flouris and Yannis Roussakis and M Poveda-Villal\'{o}n},
	Booktitle = {2$^{nd}$ Joint Workshop on Knowledge Evolution and Ontology Dynamics (EvoDyn'12)},
	Title = {{Using provenance for quality assessment and repair in linked open data}},
	Year = {2012}}

@inproceedings{Mihindukulasooriya:COLD:13,
	Author = {Nandana Mihindukulasooriya and Raul Garcia{-}Castro and Miguel Esteban Guti{\'{e}}rrez},
	Booktitle = {4$^{th}$ International Workshop on Consuming Linked Data (COLD'13)},
	Title = {{Linked Data Platform as a novel approach for Enterprise Application Integration}},
	Year = {2013}}

@inproceedings{Frischmuth:ISWC:13,
	Author = {Philipp Frischmuth and S{\"{o}}ren Auer and Sebastian Tramp and J{\"{o}}rg Unbehauen and Kai Holzwei{\ss}ig and Carl{-}Martin Marquardt},
	Booktitle = {Workshop on Semantic Web Enterprise Adoption and Best Practice Co-located with 12$^{th}$ International Semantic Web Conference (ISWC'13)},
	Title = {{Towards Linked Data based Enterprise Information Integration}},
	Year = {2013}}

@article{Frischmuth:SemWebJorunal:12,
	Author = {Philipp Frischmuth and Jakub Kl{\'\i}mek and S{\"o}ren Auer and Sebastian Tramp and J{\"o}rg Unbehauen and Kai Holzwei{\ss}ig and Carl-Martin Marquardt},
	Journal = {Semantic Web Journal},
	Title = {{Linked Data in Enterprise Information Integration}},
	Year = {2012}}

@inproceedings{Assaf:ESWC:13,
	Author = {Ahmad Assaf and Aline Senart and Rapha{\"{e}}l Troncy},
	Booktitle = {The Semantic Web: ESWC 2013 Satellite Events, Revised Selected Papers},
	Pages = {319-326},
	Title = {{SNARC - An Approach for Aggregating and Recommending Contextualized Social Content}},
	Year = {2013}}

@inproceedings{Assaf:WOD:12,
	Author = {Ahmad Assaf and Eldad Louw and Aline Senart and Corentin Follenfant and Rapha{\"{e}}l Troncy and David Trastour},
	Booktitle = {International Workshop on Open Data (WOD'12)},
	Pages = {13-21},
	Title = {{RUBIX: a framework for improving data integration with linked data}},
	Year = {2012}}

@inproceedings{Tonon:ISWC:13,
	Author = {Alberto Tonon and Michele Catasta and Gianluca Demartini and Philippe Cudr{\'e}-Mauroux and Karl Aberer},
	Booktitle = {12$^{th}$ International Semantic Web Conference (ISWC)},
	Title = {{TRank: Ranking Entity Types Using the Web of Data}},
	Year = {2013}}

@inproceedings{Lenzerini:SIGMOD:02,
	Author = {Maurizio Lenzerini},
	Booktitle = {21$^{st}$ ACM SIGMOD-SIGACT-SIGART Symposium on Principles of Database Systems},
	Pages = {233-246},
	Title = {{Data Integration: A Theoretical Perspective}},
	Year = {2002}}

@inproceedings{Hassanzadeh:WWW:11,
	Author = {Oktie Hassanzadeh and Duan and Achille Fokoue and Anastasios Kementsietsidis and Kavitha Srinivas and Michael J. Ward},
	Booktitle = {20$^{th}$ World Wide Web Conference (WWW'11)},
	Pages = {225-228},
	Title = {{Helix: Online Enterprise Data Analytics}},
	Year = {2011}}

@inproceedings{Finin:AAAI:09,
	Author = {Tim Finin and Zareen Syed and James Mayfield and Paul Mcnamee and Christine Piatko},
	Booktitle = {AAAI Spring Symposium on Learning},
	Title = {{Using Wikitology for Cross-Document Entity Coreference Resolution}},
	Year = {2009}}

@inproceedings{Syed:WebSci:10,
	Author = {Zareen Syed and Tim Finin and Varish Mulwad and Anupam Joshi},
	Booktitle = {2$^{nd}$ Web Science Conference},
	Title = {{Exploiting a Web of Semantic Data for Interpreting Tables}},
	Year = {2010}}

@article{Limaye:VLDB:10,
	Author = {Girija Limaye and Sunita Sarawagi and Soumen Chakrabarti},
	Journal = {VLDB Endowment},
	Pages = {1338-1347},
	Title = {{Annotating and Searching Web Tables Using Entities, Types and Relationships}},
	Year = {2010}}

@inproceedings{DaSilva:OTM:07,
	Author = {Altigran Soares da Silva and Denilson Barbosa and Jo{\~a}o M. B. Cavalcanti and Marco A. S. Sevalho},
	Booktitle = {On The Move Confederated International Conferences},
	Pages = {1099-1116},
	Title = {{Labeling Data Extracted from the Web}},
	Year = {2007}}

@inproceedings{Wang:WWW:03,
	Author = {Jiying Wang and Frederick Lochovsky},
	Booktitle = {12$^{th}$ International World Wide Web Conference (WWW'03)},
	Pages = {187-196},
	Title = {{Data Extraction and Label Assignment for Web Databases}},
	Year = {2003}}

@inproceedings{Reis:WWW:04,
	Author = {Davi de Castro Reis and Paulo B. Golgher and Altigran S. da Silva and Alberto H. F. Laender},
	Booktitle = {13$^{th}$ International World Wide Web Conference (WWW'04)},
	Pages = {502-601},
	Title = {{Automatic Web News Extraction Using Tree Edit Distance}},
	Year = {2004}}

@article{Miller:IEEE:03,
	Author = {Ren{\'e}e J. Miller and Periklis Andritsos},
	Journal = {IEEE Data Engineering Bulletin},
	Pages = {40-45},
	Title = {{Schema Discovery}},
	Volume = {26},
	Year = {2003}}

@inproceedings{Hyunmo:HCI:03,
	Author = {Hyunmo Kang and Ben Shneiderman},
	Booktitle = {Conference on Human Factors in Computing Systems (CHI)},
	Pages = {764-765},
	Publisher = {ACM},
	Title = {{MediaFinder: an interface for dynamic personal media management with semantic regions}},
	Year = {2003}}

@inproceedings{Gouriten:WWW:12,
	Author = {Georges Gouriten and Pierre Senellart},
	Booktitle = {21$^{th}$ International Conference on World Wide Web (WWW'12)},
	Title = {{API Blender: A Uniform Interface to Social Platform APIs}},
	Year = {2012}}

@article{LaValle:MIT:11,
	Author = {Steve LaValle and Eric Lesser and Rebecca Shockley and Michael S. Hopkins and Nina Kruschwitz},
	Journal = {MIT Sloan Management Review},
	Title = {{Big Data, Analytics and the Path From Insights to Value}},
	Year = {2011}}

@inproceedings{Wache:IJCAI:01,
	Author = {Holger Wache and Thomas V{\"o}gele and Ubbo Visser and Heiner Stuckenschmidt and Gerard Schuster and Heiko Neumann and Sebastian H{\"u}bner},
	Booktitle = {IJCAI Workshop: Ontologies and Information},
	Pages = {108-117},
	Title = {{Ontology-Based Integration of Information - A Survey of Existing Approaches}},
	Year = {2001}}

@article{Boyd:Article:11,
	Author = {Danah Boyd and Kate Crawford},
	Journal = {Social Science Research Network Working Paper Series},
	Title = {{Six Provocations for Big Data}},
	Year = {2011}}

@inproceedings{Peukert:ICDE:12,
	Author = {Eric Peukert and Julian Eberius and Erhard Rahm},
	Booktitle = {IEEE 28$^{th}$ International Conference on Data Engineering (ICDE'12)},
	Title = {{A Self-Configuring Schema Matching System}},
	Year = {2012}}

@inproceedings{Peukert:ICDE:11,
	Author = {Eric Peukert and Julian Eberius and Erhard Rahm},
	Booktitle = {IEEE 27$^{th}$ International Conference on Data Engineering (ICDE'11)},
	Title = {{AMC - A framework for modelling and comparing matching systems as matching processes}},
	Year = {2011}}

@inproceedings{conf/wise/StracciaT05,
	Author = {Umberto Straccia and Rapha\"{e}l Troncy},
	Booktitle = {6$^{th}$ International Conference on Web Information Systems Engineering},
	Title = {{oMAP: Combining Classifiers for Aligning Automatically OWL Ontologies}},
	Year = {2005}}

@article{Kowalski:RoyalStat:72,
	Author = {Charles J. Kowalski},
	Journal = {Journal of the Royal Statistical Society},
	Title = {{On the Effects of Non-Normality on the Distribution of the Sample Product-Moment Correlation Coefficient}},
	Year = {1972}}

@article{Fawcett:PatternRec:06,
	Author = {Tom Fawcett},
	Journal = {Pattern Recogn. Lett.},
	Title = {{An Introduction to ROC Analysis}},
	Year = {2006}}

@article{BernersLee:ScientificAmerican:01,
	Author = {Tim Berners-Lee and James Hendler and Ora Lassila},
	Journal = {Scientific American},
	Number = {5},
	Pages = {34-43},
	Title = {The Semantic Web},
	Volume = {284},
	Year = {2001}}

@book{Mika:book:07,
	Author = {Peter Mika},
	Publisher = {Springer},
	Series = {Semantic Web and Beyond},
	Title = {Social Networks and the Semantic Web},
	Volume = {5},
	Year = {2007}}

@misc{Lassila:RDF:99,
	Author = {Ora Lassila and Ralph R. Swick},
	Howpublished = {W3C Recommendation},
	Note = {\url{http://www.w3.org/TR/1999/REC-rdf-syntax-19990222}},
	Title = {{Resource Description Framework (RDF) Model and Syntax Specification}},
	Year = {1999}}

@misc{Berners:RFC:05,
	Author = {Tim Berners-Lee},
	Howpublished = {RFC 3986},
	Note = {\url{http://tools.ietf.org/html/rfc3986}},
	Title = {{Uniform Resource Identifier (URI): Generic Syntax}},
	Year = {2005}}

@misc{Cambridge:RDF-101:13,
	Author = {Cambridge Semantics},
	Howpublished = {\url{http://www.cambridgesemantics.com/semantic-university/rdf-101}},
	Note = {Accessed: 2013-09-07},
	Title = {{RDF-101}}}

@misc{Brickley:RDFS:14,
	Author = {Dan Brickley and R.V. Guha},
	Howpublished = {W3C Recommendation},
	Note = {\url{http://www.w3.org/TR/rdf-schema}},
	Title = {{RDF Schema 1.1}},
	Year = {2014}}

@article{Gruber:KA:93,
	Author = {Thomas R. Gruber},
	Journal = {Knowledge Acquisition},
	Number = {2},
	Title = {{A Translation Approach to Portable Ontology Specifications}},
	Volume = {5},
	Year = {1993}}

@misc{W3C:OWL:12,
	Author = {W3C OWL Working Group},
	Howpublished = {W3C Recommendation},
	Note = {\url{http://www.w3.org/TR/owl2-overview}},
	Title = {{OWL 2 Web Ontology Language}},
	Year = {2012}}

@misc{Prud:SPARQL:08,
	Author = {Eric {Prud'hommeaux} and Andy Seaborne},
	Howpublished = {W3C Recommendation},
	Note = {\url{http://www.w3.org/TR/rdf-sparql-query/}},
	Title = {{SPARQL Query Language for RDF}},
	Year = {2008}}

@book{Kimball:DWL:98,
	Author = {Ralph Kimball and Laura Reeves and Warren Thornthwaite and Margy Ross and Warren Thornwaite},
	Edition = {1st},
	Publisher = {John Wiley \& Sons, Inc.},
	Title = {{The Data Warehouse Lifecycle Toolkit: Expert Methods for Designing, Developing and Deploying Data Warehouses with CD Rom}},
	Year = {1998}}

@inproceedings{Lenzerini:DIT:02,
	Author = {Lenzerini, Maurizio},
	Booktitle = {21$^{st}$ ACM SIGMOD-SIGACT-SIGART Symposium on Principles of Database Systems},
	Title = {{Data Integration: A Theoretical Perspective}},
	Year = {2002}}
